@article{DBLP:journals/corr/abs-1806-02136,
  author    = {Amir Shaikhha and
               Andrew Fitzgibbon and
               Dimitrios Vytiniotis and
               Simon {Peyton Jones} and
               Christoph Koch},
  title     = {Efficient Differentiable Programming in a Functional Array-Processing
               Language},
  journal   = {CoRR},
  volume    = {abs/1806.02136},
  year      = {2018},
  url       = {http://arxiv.org/abs/1806.02136},
  archivePrefix = {arXiv},
  eprint    = {1806.02136},
  timestamp = {Mon, 13 Aug 2018 16:47:40 +0200},
  biburl    = {https://dblp.org/rec/bib/journals/corr/abs-1806-02136},
  bibsource = {dblp computer science bibliography, https://dblp.org}
}

@article{Elliott:2018:SEA:3243631.3236765,
 author = {Elliott, Conal},
 title = {The Simple Essence of Automatic Differentiation},
 journal = {Proc. ACM Program. Lang.},
 issue_date = {September 2018},
 volume = {2},
 number = {ICFP},
 month = jul,
 year = {2018},
 issn = {2475-1421},
 pages = {70:1--70:29},
 articleno = {70},
 numpages = {29},
 url = {http://doi.acm.org/10.1145/3236765},
 doi = {10.1145/3236765},
 acmid = {3236765},
 publisher = {ACM},
 address = {New York, NY, USA},
 keywords = {automatic differentiation, category theory, program calculation},
}

@article{DBLP:journals/corr/abs-1807-10129,
  author    = {Filip Srajer and
               Zuzana Kukelova and
               Andrew W. Fitzgibbon},
  title     = {A Benchmark of Selected Algorithmic Differentiation Tools on Some
               Problems in Computer Vision and Machine Learning},
  journal   = {CoRR},
  volume    = {abs/1807.10129},
  year      = {2018},
  url       = {http://arxiv.org/abs/1807.10129},
  archivePrefix = {arXiv},
  eprint    = {1807.10129},
  timestamp = {Mon, 13 Aug 2018 16:49:08 +0200},
  biburl    = {https://dblp.org/rec/bib/journals/corr/abs-1807-10129},
  bibsource = {dblp computer science bibliography, https://dblp.org}
}

@article{DBLP:journals/corr/abs-1711-02712,
	author    = {Bart van Merri{\"{e}}nboer and
	Alexander B. Wiltschko and
	Dan Moldovan},
	title     = {Tangent: Automatic Differentiation Using Source Code Transformation
	in Python},
	journal   = {CoRR},
	volume    = {abs/1711.02712},
	year      = {2017},
	url       = {http://arxiv.org/abs/1711.02712},
	archivePrefix = {arXiv},
	eprint    = {1711.02712},
	timestamp = {Mon, 13 Aug 2018 16:47:40 +0200},
	biburl    = {https://dblp.org/rec/bib/journals/corr/abs-1711-02712},
	bibsource = {dblp computer science bibliography, https://dblp.org}
}

@article{RevelsLubinPapamarkou2016,
	title = {Forward-Mode Automatic Differentiation in Julia},
	author = {{Revels}, J. and {Lubin}, M. and {Papamarkou}, T.},
	journal = {arXiv:1607.07892 [cs.MS]},
	year = {2016},
	url = {https://arxiv.org/abs/1607.07892}
}

@article{DBLP:journals/corr/CarpenterHBLLB15,
	author    = {Bob Carpenter and
	Matthew D. Hoffman and
	Marcus Brubaker and
	Daniel Lee and
	Peter Li and
	Michael Betancourt},
	title     = {The Stan Math Library: Reverse-Mode Automatic Differentiation in {C++}},
	journal   = {CoRR},
	volume    = {abs/1509.07164},
	year      = {2015},
	url       = {http://arxiv.org/abs/1509.07164},
	archivePrefix = {arXiv},
	eprint    = {1509.07164},
	timestamp = {Mon, 13 Aug 2018 16:47:18 +0200},
	biburl    = {https://dblp.org/rec/bib/journals/corr/CarpenterHBLLB15},
	bibsource = {dblp computer science bibliography, https://dblp.org}
}

@article{Jacobian,
	author = {Gebremedhin, Assefaw and Manne, Fredrik and Pothen, Alex},
	year = {2005},
	month = {12},
	pages = {629-705},
	title = {What Color Is Your Jacobian? Graph Coloring for Computing Derivatives},
	volume = {47},
	journal = {SIAM review},
	doi = {10.1137/S0036144504444711}
}
@inproceedings{parallelgraph,
	author = {Deveci, Mehmet and Boman, Erik and Devine, Karen and Rajamanickam, Siva},
	year = {2016},
	month = {05},
	pages = {892-901},
	title = {Parallel Graph Coloring for Manycore Architectures},
	doi = {10.1109/IPDPS.2016.54}
}

@article{Margossian2018ARO,
	title={A Review of automatic differentiation and its efficient implementation},
	author={Charles C. Margossian},
	journal={Wiley Interdiscip. Rev. Data Min. Knowl. Discov.},
	year={2018},
	volume={9}
}


@article{doi:10.1080/10556789208805505,
	author = { Andreas   Griewank },
	title = {Achieving logarithmic growth of temporal and spatial complexity in reverse automatic differentiation},
	journal = {Optimization Methods and Software},
	volume = {1},
	number = {1},
	pages = {35-54},
	year  = {1992},
	publisher = {Taylor & Francis},
	doi = {10.1080/10556789208805505},
	
	URL = { 
	https://doi.org/10.1080/10556789208805505
	
	},
	eprint = { 
	https://doi.org/10.1080/10556789208805505
	
	}
	
}
